% https://sci-hub.cc/10.1109/BigData.2016.7840937,
@inproceedings{Kalgotra+Sharda,
	author    = "Pankush {Kalgotra} and Ramesh {Sharda}",
	title     = {Progression Analysis of Signals: Extending CRISP-DM to Stream Analytics},
	booktitle = {2016 IEEE International Conference on Big Data (Big Data)},
	year      = 2016
}


@book{Brink+Richards+Fetherolf,
    author    = "Henrik {Brink} and Joseph W. {Richards} and Mark {Fetherolf}",
    title     = "Real-World Machine Learning",
    publisher = "Manning Publications Co.",
    year      = 2016
}

@book{Psaltis,
    author    = "Andrew G. {Psaltis}",
    title     = "Streaming Data",
    publisher = "Manning Publications Co.",
    year      = 2017
}

@article{Chui,
    author    = "Michael {Chui} and Markus {LÃ¶ffler} and Roger {Roberts}",
    title     = "The internet of things",
    journal   = "McKinsey Quarterly",
    pages     = "1-9",
    year      = 2010,
    month     = 3
}

% https://sci-hub.cc/10.1007/s12525-016-0219-0
@article{Akter+Wamba,
    author   = "Shahriar {Akter} and Samuel Fosso {Wamba}",
    title    = "Big data analytics in E-commerce: a systematic review and agenda for future research",
    journal  = "Electronic Markets",
    year     = 2016
}

@phdthesis{Balachandran,
    author      = "Athula {Balachandran}",
    title       = "Large Scale Data Analytics of User Behavior for Improving Content Delivery",
    school      = "Carnegie Mellon University, School of Computer Science, Computer Science Department",
    year        = 2014
}

@misc{Semma,
    author   = "Anne H. {Milley} and James D. {Seabolt} and John S. {Williams}",
    title    = "Data Mining and the Case for Sampling",
    year     = 1998
}

@article{Shearer,
    author  = "Colin {Shearer}",
    title   = "The CRISP-DM Model: The New Blueprint for Data Mining",
    journal = "Journal of data warehousing",
    year    = 2000
}

@misc{Bernard+Jaokar,
    author = "Jean-Jacques {Bernard} and Ajit {Jaokar}",
    title  = "Data Science for Internet of Things methodology",
    year   = 2016
}

@misc{Flink,
    author = "Paris {Carbone} and Asterios {Katsifodimos} and Stephan {Ewen} and Volker {Markl} and Seif {Haridi} and Kostas {Tzoumas}",
    title  = "Apache Flink: Stream and Batch Processing in a Single Engine",
    year   = 2016
}

@article{SparkStreaming,
    author  = "Matei {Zaharia} and Tathagata {Das} and Haoyuan {Li} and Timothy {Hunter} and Scott {Shenker} and Ion {Stoica}",
    title   = "Discretized Streams: Fault-Tolerant Streaming Computation at Scale",
    journal = "Proceedings of the Twenty-Fourth ACM Symposium on Operating Systems Principles",
    year    = 2013
}

@misc{Kinesis,
    author = "Rahul {Bhartia}",
    title = "Amazon Kinesis and Apache Storm - Building a Real-Time Sliding-Window Dashboard over Streaming Data",
    year = 2014
}

@misc{EMCCorpReport,
		author = "EMC",
		title = "The Digital Universe of Opportunities: Rich Data and the Increasing Value of the Internet of Things",
		year = 2014
}
